@article{abe,
  author  = {Naeem Khademi and Grenville Armitage and Michael Welzl and Sebastian Zander and Gorry Fairhurst and David Ros},
  title   = {Alternative Backoff: Achieving Low Latency and High Throughput with ECN and AQM},
  year    = 2017,
  pages   = 9
}

@techreport{rfc6691,
  author = {D. Borman},
  title = {TCP Options and Maximum Segment Size (MSS)},
  howpublished = {Internet Requests for Comments},
  type = {RFC},
  number = 6691,
  year = {2012},
  month = {7},
  issn = {2070-1721},
  publisher = {RFC Editor},
  institution = {RFC Editor},
  url = {https://tools.ietf.org/html/rfc6691}
}

@techreport{rfc5681,
  author = {M. Allman and V. Paxson and E. Blanton},
  title = {TCP Congestion Control},
  howpublished = {Internet Requests for Comments},
  type = {RFC},
  number = 5681,
  year = {2009},
  month = {8},
  publisher = {RFC Editor},
  institution = {RFC Editor},
  url = {https://tools.ietf.org/html/rfc5681}
}