@article{abe,
  author  = {Naeem Khademi and Grenville Armitage and Michael Welzl and Sebastian Zander and Gorry Fairhurst and David Ros},
  title   = {Alternative Backoff: Achieving Low Latency and High Throughput with ECN and AQM},
  year    = 2017,
  pages   = {0-9}
}
